<?xml version="1.0" encoding="UTF-8"?><record xmlns="http://www.loc.gov/MARC21/slim" xmlns:cinclude="http://apache.org/cocoon/include/1.0" xmlns:zs="http://www.loc.gov/zing/srw/">
  <leader>00475nz  a2200133n  4500</leader>
  <controlfield tag="001">no2003071126</controlfield>
  <controlfield tag="003">DLC</controlfield>
  <controlfield tag="005">20030719071042.0</controlfield>
  <controlfield tag="008">030718n| acannaabn          |n aaa     c</controlfield>
  <datafield tag="010" ind1=" " ind2=" ">
    <subfield code="a">no2003071126</subfield>
  </datafield>
  <datafield tag="035" ind1=" " ind2=" ">
    <subfield code="a">(OCoLC)oca06103525</subfield>
  </datafield>
  <datafield tag="040" ind1=" " ind2=" ">
    <subfield code="a">ViHaI</subfield>
    <subfield code="b">eng</subfield>
    <subfield code="c">ViHaI</subfield>
  </datafield>
  <datafield tag="100" ind1="1" ind2=" ">
    <subfield code="a">Nibbs, Anita E.</subfield>
  </datafield>
  <datafield tag="670" ind1=" " ind2=" ">
    <subfield code="a">Isolation and identification of Taphrina Caerulescens (mont. &amp; desm.) tul. a fungal pathogen from the Emancipation Oak, a Quercus Virginiana (mill.), 2002</subfield>
    <subfield code="b">t.p. (Anita Evol Nibbs)</subfield>
  </datafield>
</record>